

@misc{PBlaunch1,
      author = "Kevin Davies",
      title = "Get SMRT: Pacific Biosciences Unveils Software Suite with Commercial Launch",
      month = "April",
      year = "2011",
      url = "http://www.bio-itworld.com/news/04/29/2011/Pacific-Biosciences-software-commercial-launch.html"
}

@article{Daligner,
	author = "Gene Myers",
	title = "Efficient Local Alignment Discovery amongst Noisy Long Reads",
	journal = "Algorithms in Bioinformatics, WABI 2014"
	pages = "52-67",
	year = "2014",
	doi = "https://doi.org/10.1007/978-3-662-44753-6_5",
	publisher = "Springer, Berlin, Heidelberg",
}

@misc{Longreads,
    author    = "Unknown",
    title     = "Pacific Biosciences Releases New DNA Sequencing Chemistry to Enhance Read Length and Accuracy for the Study of Human and Other Complex Genomes",
    howpublished = "http://investor.pacificbiosciences.com/releasedetail.cfm?releaseid=876252",
    year     = "2014",
    month    = "October",
    note     = "Press release",
}

@article{Poisson,
	author = "Eric S. Lander, Michael S. Waterman",
	title = "Genomic mapping by fingerprinting random clones: A mathematical analysis",
	journal = "Genomics",
	issue_date = "April 1988",
	volume = "2",
	number = "3",
	pages = "231-239",
	year = "1988",
	doi = "https://doi.org/10.1016/0888-7543(88)90007-9",
}

@article{quality,
	author = "Gary A. Churchill, Michael S. Waterman",
	title = "The accuracy of DNA sequences: Estimating sequence quality",
	journal = "Genomics",
	issue_date = "September 1992",
	volume = "14",
	number = "1",
	pages = "89-98",
	year = "1992",
	doi = "https://doi.org/10.1016/S0888-7543(05)80288-5",
}

@article{DBG1,
	author = "Leena Salmela, Riku Walve, Eric Rivals, Esko Ukkonen",
	title = "Accurate self-correction of errors in long reads using de Bruin graphs",
	journal = "Bioinformatics",
	issue_date = "March 2017",
	volume = "33",
	number = "6",
	pages = "799-806",
	year = "2017",
	doi = "https://dx.doi.org/10.1093%2Fbioinformatics%2Fbtw321",
}

@article{DBG2,
	author = "Giles Miclotte, Mahdi Heydari, Piet Demeester, Stephane Rombauts, Yves van de Peer, Pieter Audenaert, Jan Fostier",
	title = "Jabba: hybrid error correction for long sequencing reads",
	journal = "Algorithms for Molecular Biology",
	issue_date = "2016",
	volume = "11",
	number = "10",
	year = "2016",
	doi = "https://dx.doi.org/10.1186%2Fs13015-016-0075-7",
}

@article{DeBruijn,
	author = "Pavel A. Pevzner, Haixu Tang, Michael S. Waterman",
	title = "An Eulerian path approach to DNA fragment assembly",
	journal = "Proceedings of the National Academy of Sciences of the United States of America",
	issue_date = "14 Aug 2001",
	volume = "98",
	number = "17",
	pages = "9748-9753",
	year = "2001",
	doi = "https://dx.doi.org/10.1073%2Fpnas.171285098",
}

@article{OLC,
	author = "John D. Kececioglu, Eugene W. Myers",
	title = "Combinatorial algorithms for DNA sequence assembly",
	journal = "Algorithmica",
	issue_date = "February 1995",
	volume = "13",
	number = "7",
	year = "1995",
	issn = "1432-0541",
	doi = "https://doi.org/10.1007/BF01188580",
	publisher = "Springer-Verlag",
}

@article{BLASR,
	author = "Mark J. Chaisson, Glenn Tessler",
	title = "Mapping single molecule sequencing reads using basic local alignment with successive refinement (BLASR): application and theory",
	journal = "BMC Bioinformatics",
	issue_date = "September 2012",
	volume = "19",
	number = "13",
	pages = "238",
	year = "2012",
	doi = "https://doi.org/10.1186/1471-2105-13-238",
}

@techreport{BWT,
     title = {A block sorting lossless data compression algorithm},
     author = {Michael Burrows, David Wheeler},
     year = {1994},
     note = {Technical Report 124},
     institution = {Digital Equipment Corporation},
}

@article{O_ND,
	author = "Eugene W. Myers",
	title = "An O(ND) difference algorithm and its variations",
	journal = "Algorithmica",
	issue_date = "November 1986",
	volume = "1",
	number = "1-4",
	pages = "251-266",
	year = "1986",
	issn = "1432-0541"
	doi = "https://doi.org/10.1007/BF01840446",
	publisher = "Springer-Verlag",
}

@article{SW,
	author = "Temple F. Smith, Michael S. Waterman",
	title = "Identification of common molecular subsequences",
	journal = "Journal of Molecular Biology",
	issue_date = "March 1981",
	volume = "147",
	number = "1",
	pages = "195-197",
	year = "1981",
issn = "0022-2836",
doi = "https://doi.org/10.1016/0022-2836(81)90087-5",
}

@article{SA,
	author = "Udi Manber, Gene Myers",
	title = "Suffix Arrays: A New Method for On-Line String Searches",
	journal = "Proceedings of the first annual ACM-SIAM symposium on Descrete algorithms",
	issue_date = "January 1990",
	pages = "319-327",
	year = "1990",
	url = "http://dl.acm.org/citation.cfm?id=320176.320218",
	publisher = "Society for Industrial and Applied Mathematics",
}



%%%%%%%%%%%%%%%%%%%%%
%%%%%%%%%%%%%%%%%%%%%
%% templates



%@article{,
%	author = "",
%	title = "",
%	journal = "",
%	issue_date = "",
%	volume = "",
%	number = "",
%	pages = "",
%	year = "",
%	note = "",
%	issn = "",
%	doi = "",
%	url = "",
%	publisher = "",
%	keywords = "",
%	keywords = "",
%}
%
%@misc{Xmisc,
%    %author    = "",
%    %title     = "",
%    %howpublished = "",
%    %year     = "XXXX",
%    %month    = "",
%    %note     = "",
%}
%@inproceedings{,
%	author = {},
%	title = {},
%	booktitle = {},
%	series = {},
%	year = {},
%	isbn = {},
%	pages = {},
%	numpages = {},
%	url = {},
%	doi = {},
%	acmid = {},
%	publisher = {},
%	address = {},
%}
%
%
%@techreport{,
% author = {},
% title = {},
% year = {},
% source = {},
% publisher = {},
% address = {},
%} 
%
%
%@book{,
%      author       = "",
%      title        = "",
%      publisher    = "",
%      address      = "",
%      isbn         = "",
%      year         = "",
%}
